%YAML 1.1
%TAG !u! tag:unity3d.com,2011:
--- !u!1 &485067287151319141
GameObject:
  m_ObjectHideFlags: 0
  m_CorrespondingSourceObject: {fileID: 0}
  m_PrefabInstance: {fileID: 0}
  m_PrefabAsset: {fileID: 0}
  serializedVersion: 6
  m_Component:
  - component: {fileID: 5214353002582243128}
  - component: {fileID: 644412609646647953}
  m_Layer: 0
  m_Name: Point Light
  m_TagString: Untagged
  m_Icon: {fileID: 0}
  m_NavMeshLayer: 0
  m_StaticEditorFlags: 0
  m_IsActive: 1
--- !u!4 &5214353002582243128
Transform:
  m_ObjectHideFlags: 0
  m_CorrespondingSourceObject: {fileID: 0}
  m_PrefabInstance: {fileID: 0}
  m_PrefabAsset: {fileID: 0}
  m_GameObject: {fileID: 485067287151319141}
  serializedVersion: 2
  m_LocalRotation: {x: 0, y: 0, z: 0, w: 1}
  m_LocalPosition: {x: 0, y: 5.94, z: -5.78}
  m_LocalScale: {x: 1, y: 1, z: 1}
  m_ConstrainProportionsScale: 0
  m_Children: []
  m_Father: {fileID: 1911860528064810251}
  m_LocalEulerAnglesHint: {x: 0, y: 0, z: 0}
--- !u!108 &644412609646647953
Light:
  m_ObjectHideFlags: 0
  m_CorrespondingSourceObject: {fileID: 0}
  m_PrefabInstance: {fileID: 0}
  m_PrefabAsset: {fileID: 0}
  m_GameObject: {fileID: 485067287151319141}
  m_Enabled: 1
  serializedVersion: 10
  m_Type: 2
  m_Shape: 0
  m_Color: {r: 1, g: 1, b: 1, a: 1}
  m_Intensity: 21.28
  m_Range: 0.49
  m_SpotAngle: 30
  m_InnerSpotAngle: 21.80208
  m_CookieSize: 10
  m_Shadows:
    m_Type: 0
    m_Resolution: -1
    m_CustomResolution: -1
    m_Strength: 1
    m_Bias: 0.05
    m_NormalBias: 0.4
    m_NearPlane: 0.2
    m_CullingMatrixOverride:
      e00: 1
      e01: 0
      e02: 0
      e03: 0
      e10: 0
      e11: 1
      e12: 0
      e13: 0
      e20: 0
      e21: 0
      e22: 1
      e23: 0
      e30: 0
      e31: 0
      e32: 0
      e33: 1
    m_UseCullingMatrixOverride: 0
  m_Cookie: {fileID: 0}
  m_DrawHalo: 0
  m_Flare: {fileID: 0}
  m_RenderMode: 0
  m_CullingMask:
    serializedVersion: 2
    m_Bits: 4294967295
  m_RenderingLayerMask: 1
  m_Lightmapping: 4
  m_LightShadowCasterMode: 0
  m_AreaSize: {x: 1, y: 1}
  m_BounceIntensity: 1
  m_ColorTemperature: 6570
  m_UseColorTemperature: 0
  m_BoundingSphereOverride: {x: 0, y: 0, z: 0, w: 0}
  m_UseBoundingSphereOverride: 0
  m_UseViewFrustumForShadowCasterCull: 1
  m_ShadowRadius: 0
  m_ShadowAngle: 0
--- !u!1 &1039121322688269204
GameObject:
  m_ObjectHideFlags: 0
  m_CorrespondingSourceObject: {fileID: 0}
  m_PrefabInstance: {fileID: 0}
  m_PrefabAsset: {fileID: 0}
  serializedVersion: 6
  m_Component:
  - component: {fileID: 7413559803797540547}
  - component: {fileID: 3554853964505714573}
  m_Layer: 0
  m_Name: Point Light (1)
  m_TagString: Untagged
  m_Icon: {fileID: 0}
  m_NavMeshLayer: 0
  m_StaticEditorFlags: 0
  m_IsActive: 1
--- !u!4 &7413559803797540547
Transform:
  m_ObjectHideFlags: 0
  m_CorrespondingSourceObject: {fileID: 0}
  m_PrefabInstance: {fileID: 0}
  m_PrefabAsset: {fileID: 0}
  m_GameObject: {fileID: 1039121322688269204}
  serializedVersion: 2
  m_LocalRotation: {x: 0, y: 0, z: 0, w: 1}
  m_LocalPosition: {x: 4.82, y: 5.94, z: -0.24}
  m_LocalScale: {x: 1, y: 1, z: 1}
  m_ConstrainProportionsScale: 0
  m_Children: []
  m_Father: {fileID: 1911860528064810251}
  m_LocalEulerAnglesHint: {x: 0, y: 0, z: 0}
--- !u!108 &3554853964505714573
Light:
  m_ObjectHideFlags: 0
  m_CorrespondingSourceObject: {fileID: 0}
  m_PrefabInstance: {fileID: 0}
  m_PrefabAsset: {fileID: 0}
  m_GameObject: {fileID: 1039121322688269204}
  m_Enabled: 1
  serializedVersion: 10
  m_Type: 2
  m_Shape: 0
  m_Color: {r: 1, g: 1, b: 1, a: 1}
  m_Intensity: 21.28
  m_Range: 0.60040665
  m_SpotAngle: 30
  m_InnerSpotAngle: 21.80208
  m_CookieSize: 10
  m_Shadows:
    m_Type: 0
    m_Resolution: -1
    m_CustomResolution: -1
    m_Strength: 1
    m_Bias: 0.05
    m_NormalBias: 0.4
    m_NearPlane: 0.2
    m_CullingMatrixOverride:
      e00: 1
      e01: 0
      e02: 0
      e03: 0
      e10: 0
      e11: 1
      e12: 0
      e13: 0
      e20: 0
      e21: 0
      e22: 1
      e23: 0
      e30: 0
      e31: 0
      e32: 0
      e33: 1
    m_UseCullingMatrixOverride: 0
  m_Cookie: {fileID: 0}
  m_DrawHalo: 0
  m_Flare: {fileID: 0}
  m_RenderMode: 0
  m_CullingMask:
    serializedVersion: 2
    m_Bits: 4294967295
  m_RenderingLayerMask: 1
  m_Lightmapping: 4
  m_LightShadowCasterMode: 0
  m_AreaSize: {x: 1, y: 1}
  m_BounceIntensity: 1
  m_ColorTemperature: 6570
  m_UseColorTemperature: 0
  m_BoundingSphereOverride: {x: 0, y: 0, z: 0, w: 0}
  m_UseBoundingSphereOverride: 0
  m_UseViewFrustumForShadowCasterCull: 1
  m_ShadowRadius: 0
  m_ShadowAngle: 0
--- !u!1 &5714674749461913575
GameObject:
  m_ObjectHideFlags: 0
  m_CorrespondingSourceObject: {fileID: 0}
  m_PrefabInstance: {fileID: 0}
  m_PrefabAsset: {fileID: 0}
  serializedVersion: 6
  m_Component:
  - component: {fileID: 6421846355010430665}
  - component: {fileID: 8299826708775824527}
  m_Layer: 0
  m_Name: Spot Light (1)
  m_TagString: Untagged
  m_Icon: {fileID: 0}
  m_NavMeshLayer: 0
  m_StaticEditorFlags: 0
  m_IsActive: 1
--- !u!4 &6421846355010430665
Transform:
  m_ObjectHideFlags: 0
  m_CorrespondingSourceObject: {fileID: 0}
  m_PrefabInstance: {fileID: 0}
  m_PrefabAsset: {fileID: 0}
  m_GameObject: {fileID: 5714674749461913575}
  serializedVersion: 2
  m_LocalRotation: {x: 0.027218344, y: 0.7065828, z: -0.7065828, w: 0.027218344}
  m_LocalPosition: {x: 0, y: 10.99, z: -0}
  m_LocalScale: {x: 1, y: 1, z: 1}
  m_ConstrainProportionsScale: 0
  m_Children: []
  m_Father: {fileID: 1911860528064810251}
  m_LocalEulerAnglesHint: {x: 90, y: 103.848, z: -71.74}
--- !u!108 &8299826708775824527
Light:
  m_ObjectHideFlags: 0
  m_CorrespondingSourceObject: {fileID: 0}
  m_PrefabInstance: {fileID: 0}
  m_PrefabAsset: {fileID: 0}
  m_GameObject: {fileID: 5714674749461913575}
  m_Enabled: 1
  serializedVersion: 10
  m_Type: 0
  m_Shape: 0
  m_Color: {r: 1, g: 1, b: 1, a: 1}
  m_Intensity: 12.6
  m_Range: 5.5
  m_SpotAngle: 71.2
  m_InnerSpotAngle: 4
  m_CookieSize: 10
  m_Shadows:
    m_Type: 0
    m_Resolution: -1
    m_CustomResolution: -1
    m_Strength: 1
    m_Bias: 0.05
    m_NormalBias: 0.4
    m_NearPlane: 0.2
    m_CullingMatrixOverride:
      e00: 1
      e01: 0
      e02: 0
      e03: 0
      e10: 0
      e11: 1
      e12: 0
      e13: 0
      e20: 0
      e21: 0
      e22: 1
      e23: 0
      e30: 0
      e31: 0
      e32: 0
      e33: 1
    m_UseCullingMatrixOverride: 0
  m_Cookie: {fileID: 0}
  m_DrawHalo: 0
  m_Flare: {fileID: 0}
  m_RenderMode: 0
  m_CullingMask:
    serializedVersion: 2
    m_Bits: 4294967295
  m_RenderingLayerMask: 1
  m_Lightmapping: 4
  m_LightShadowCasterMode: 0
  m_AreaSize: {x: 1, y: 1}
  m_BounceIntensity: 1
  m_ColorTemperature: 6570
  m_UseColorTemperature: 0
  m_BoundingSphereOverride: {x: 0, y: 0, z: 0, w: 0}
  m_UseBoundingSphereOverride: 0
  m_UseViewFrustumForShadowCasterCull: 1
  m_ShadowRadius: 0
  m_ShadowAngle: 0
--- !u!1 &5934850030312841142
GameObject:
  m_ObjectHideFlags: 0
  m_CorrespondingSourceObject: {fileID: 0}
  m_PrefabInstance: {fileID: 0}
  m_PrefabAsset: {fileID: 0}
  serializedVersion: 6
  m_Component:
  - component: {fileID: 1642333159868916989}
  - component: {fileID: 11726691315591169}
  m_Layer: 0
  m_Name: Point Light (2)
  m_TagString: Untagged
  m_Icon: {fileID: 0}
  m_NavMeshLayer: 0
  m_StaticEditorFlags: 0
  m_IsActive: 1
--- !u!4 &1642333159868916989
Transform:
  m_ObjectHideFlags: 0
  m_CorrespondingSourceObject: {fileID: 0}
  m_PrefabInstance: {fileID: 0}
  m_PrefabAsset: {fileID: 0}
  m_GameObject: {fileID: 5934850030312841142}
  serializedVersion: 2
  m_LocalRotation: {x: 0, y: 0, z: 0, w: 1}
  m_LocalPosition: {x: -5.07, y: 5.94, z: -0.24}
  m_LocalScale: {x: 1, y: 1, z: 1}
  m_ConstrainProportionsScale: 0
  m_Children: []
  m_Father: {fileID: 1911860528064810251}
  m_LocalEulerAnglesHint: {x: 0, y: 0, z: 0}
--- !u!108 &11726691315591169
Light:
  m_ObjectHideFlags: 0
  m_CorrespondingSourceObject: {fileID: 0}
  m_PrefabInstance: {fileID: 0}
  m_PrefabAsset: {fileID: 0}
  m_GameObject: {fileID: 5934850030312841142}
  m_Enabled: 1
  serializedVersion: 10
  m_Type: 2
  m_Shape: 0
  m_Color: {r: 1, g: 1, b: 1, a: 1}
  m_Intensity: 21.28
  m_Range: 0.60040665
  m_SpotAngle: 30
  m_InnerSpotAngle: 21.80208
  m_CookieSize: 10
  m_Shadows:
    m_Type: 0
    m_Resolution: -1
    m_CustomResolution: -1
    m_Strength: 1
    m_Bias: 0.05
    m_NormalBias: 0.4
    m_NearPlane: 0.2
    m_CullingMatrixOverride:
      e00: 1
      e01: 0
      e02: 0
      e03: 0
      e10: 0
      e11: 1
      e12: 0
      e13: 0
      e20: 0
      e21: 0
      e22: 1
      e23: 0
      e30: 0
      e31: 0
      e32: 0
      e33: 1
    m_UseCullingMatrixOverride: 0
  m_Cookie: {fileID: 0}
  m_DrawHalo: 0
  m_Flare: {fileID: 0}
  m_RenderMode: 0
  m_CullingMask:
    serializedVersion: 2
    m_Bits: 4294967295
  m_RenderingLayerMask: 1
  m_Lightmapping: 4
  m_LightShadowCasterMode: 0
  m_AreaSize: {x: 1, y: 1}
  m_BounceIntensity: 1
  m_ColorTemperature: 6570
  m_UseColorTemperature: 0
  m_BoundingSphereOverride: {x: 0, y: 0, z: 0, w: 0}
  m_UseBoundingSphereOverride: 0
  m_UseViewFrustumForShadowCasterCull: 1
  m_ShadowRadius: 0
  m_ShadowAngle: 0
--- !u!1 &6236790930908222091
GameObject:
  m_ObjectHideFlags: 0
  m_CorrespondingSourceObject: {fileID: 0}
  m_PrefabInstance: {fileID: 0}
  m_PrefabAsset: {fileID: 0}
  serializedVersion: 6
  m_Component:
  - component: {fileID: 1911860528064810251}
  - component: {fileID: 5897793365689264333}
  - component: {fileID: 4996529008271877625}
  - component: {fileID: 2262427095613838421}
  - component: {fileID: 1767326408696341957}
  - component: {fileID: 8780932684723681810}
  - component: {fileID: 8000360901003442856}
  - component: {fileID: 4821145354460586208}
  m_Layer: 0
  m_Name: Rocket
  m_TagString: Player
  m_Icon: {fileID: 0}
  m_NavMeshLayer: 0
  m_StaticEditorFlags: 0
  m_IsActive: 1
--- !u!4 &1911860528064810251
Transform:
  m_ObjectHideFlags: 0
  m_CorrespondingSourceObject: {fileID: 0}
  m_PrefabInstance: {fileID: 0}
  m_PrefabAsset: {fileID: 0}
  m_GameObject: {fileID: 6236790930908222091}
  serializedVersion: 2
  m_LocalRotation: {x: 0, y: 0, z: 0, w: 1}
  m_LocalPosition: {x: 0, y: 0, z: 0}
  m_LocalScale: {x: 0.1, y: 0.1, z: 0.1}
  m_ConstrainProportionsScale: 0
  m_Children:
  - {fileID: 6292654871757767626}
  - {fileID: 6376672013107456037}
  - {fileID: 3461184121143230865}
  - {fileID: 4746321524522616553}
  - {fileID: 2947724835797407518}
  - {fileID: 8481563083934166470}
  - {fileID: 5552257989784757507}
  - {fileID: 6421846355010430665}
  - {fileID: 5214353002582243128}
  - {fileID: 7413559803797540547}
  - {fileID: 1642333159868916989}
  m_Father: {fileID: 0}
  m_LocalEulerAnglesHint: {x: 0, y: 0, z: 0}
--- !u!114 &5897793365689264333
MonoBehaviour:
  m_ObjectHideFlags: 0
  m_CorrespondingSourceObject: {fileID: 0}
  m_PrefabInstance: {fileID: 0}
  m_PrefabAsset: {fileID: 0}
  m_GameObject: {fileID: 6236790930908222091}
  m_Enabled: 1
  m_EditorHideFlags: 0
  m_Script: {fileID: 11500000, guid: 4b0e7cb3aee192c44bd2922b4de4cdfa, type: 3}
  m_Name: 
  m_EditorClassIdentifier: 
  boosterSpeed: 800
  rotationSpeed: 100
  rocketSound: {fileID: 8300000, guid: da75957cc3054464daa680a130e9618f, type: 3}
  mainBoosterParticle: {fileID: 4859406534422105249}
  leftBoosterParticle: {fileID: 3046168542552137046}
  rightBoosterParticle: {fileID: 8582407922203584398}
--- !u!54 &4996529008271877625
Rigidbody:
  m_ObjectHideFlags: 0
  m_CorrespondingSourceObject: {fileID: 0}
  m_PrefabInstance: {fileID: 0}
  m_PrefabAsset: {fileID: 0}
  m_GameObject: {fileID: 6236790930908222091}
  serializedVersion: 4
  m_Mass: 1
  m_Drag: 0.25
  m_AngularDrag: 0.05
  m_CenterOfMass: {x: 0, y: 0, z: 0}
  m_InertiaTensor: {x: 1, y: 1, z: 1}
  m_InertiaRotation: {x: 0, y: 0, z: 0, w: 1}
  m_IncludeLayers:
    serializedVersion: 2
    m_Bits: 0
  m_ExcludeLayers:
    serializedVersion: 2
    m_Bits: 0
  m_ImplicitCom: 1
  m_ImplicitTensor: 1
  m_UseGravity: 1
  m_IsKinematic: 0
  m_Interpolate: 0
  m_Constraints: 56
  m_CollisionDetection: 0
--- !u!82 &2262427095613838421
AudioSource:
  m_ObjectHideFlags: 0
  m_CorrespondingSourceObject: {fileID: 0}
  m_PrefabInstance: {fileID: 0}
  m_PrefabAsset: {fileID: 0}
  m_GameObject: {fileID: 6236790930908222091}
  m_Enabled: 1
  serializedVersion: 4
  OutputAudioMixerGroup: {fileID: 0}
  m_audioClip: {fileID: 0}
  m_PlayOnAwake: 1
  m_Volume: 1
  m_Pitch: 1
  Loop: 0
  Mute: 0
  Spatialize: 0
  SpatializePostEffects: 0
  Priority: 128
  DopplerLevel: 1
  MinDistance: 1
  MaxDistance: 500
  Pan2D: 0
  rolloffMode: 0
  BypassEffects: 0
  BypassListenerEffects: 0
  BypassReverbZones: 0
  rolloffCustomCurve:
    serializedVersion: 2
    m_Curve:
    - serializedVersion: 3
      time: 0
      value: 1
      inSlope: 0
      outSlope: 0
      tangentMode: 0
      weightedMode: 0
      inWeight: 0.33333334
      outWeight: 0.33333334
    - serializedVersion: 3
      time: 1
      value: 0
      inSlope: 0
      outSlope: 0
      tangentMode: 0
      weightedMode: 0
      inWeight: 0.33333334
      outWeight: 0.33333334
    m_PreInfinity: 2
    m_PostInfinity: 2
    m_RotationOrder: 4
  panLevelCustomCurve:
    serializedVersion: 2
    m_Curve:
    - serializedVersion: 3
      time: 0
      value: 0
      inSlope: 0
      outSlope: 0
      tangentMode: 0
      weightedMode: 0
      inWeight: 0.33333334
      outWeight: 0.33333334
    m_PreInfinity: 2
    m_PostInfinity: 2
    m_RotationOrder: 4
  spreadCustomCurve:
    serializedVersion: 2
    m_Curve:
    - serializedVersion: 3
      time: 0
      value: 0
      inSlope: 0
      outSlope: 0
      tangentMode: 0
      weightedMode: 0
      inWeight: 0.33333334
      outWeight: 0.33333334
    m_PreInfinity: 2
    m_PostInfinity: 2
    m_RotationOrder: 4
  reverbZoneMixCustomCurve:
    serializedVersion: 2
    m_Curve:
    - serializedVersion: 3
      time: 0
      value: 1
      inSlope: 0
      outSlope: 0
      tangentMode: 0
      weightedMode: 0
      inWeight: 0.33333334
      outWeight: 0.33333334
    m_PreInfinity: 2
    m_PostInfinity: 2
    m_RotationOrder: 4
--- !u!114 &1767326408696341957
MonoBehaviour:
  m_ObjectHideFlags: 0
  m_CorrespondingSourceObject: {fileID: 0}
  m_PrefabInstance: {fileID: 0}
  m_PrefabAsset: {fileID: 0}
  m_GameObject: {fileID: 6236790930908222091}
  m_Enabled: 1
  m_EditorHideFlags: 0
  m_Script: {fileID: 11500000, guid: ae51e0f480e32944a8086303e020475a, type: 3}
  m_Name: 
  m_EditorClassIdentifier: 
  crashDelay: 1
  loadNextLevelDelay: 1
  audioLevelSucced: {fileID: 8300000, guid: a78ec8df2b57bad44bfa673a4de1b964, type: 3}
  audioCrash: {fileID: 8300000, guid: fd22339d06c8ae44da9a27b84d783906, type: 3}
  succesParticles: {fileID: 6535076136865609715}
  crashedParticles: {fileID: 3659018438712819787}
--- !u!65 &8780932684723681810
BoxCollider:
  m_ObjectHideFlags: 0
  m_CorrespondingSourceObject: {fileID: 0}
  m_PrefabInstance: {fileID: 0}
  m_PrefabAsset: {fileID: 0}
  m_GameObject: {fileID: 6236790930908222091}
  m_Material: {fileID: 0}
  m_IncludeLayers:
    serializedVersion: 2
    m_Bits: 0
  m_ExcludeLayers:
    serializedVersion: 2
    m_Bits: 0
  m_LayerOverridePriority: 0
  m_IsTrigger: 0
  m_ProvidesContacts: 0
  m_Enabled: 1
  serializedVersion: 3
  m_Size: {x: 7.140579, y: 11.148763, z: 7.539235}
  m_Center: {x: -0.25978088, y: 5.074382, z: -0.16393661}
--- !u!114 &8000360901003442856
MonoBehaviour:
  m_ObjectHideFlags: 0
  m_CorrespondingSourceObject: {fileID: 0}
  m_PrefabInstance: {fileID: 0}
  m_PrefabAsset: {fileID: 0}
  m_GameObject: {fileID: 6236790930908222091}
  m_Enabled: 1
  m_EditorHideFlags: 0
  m_Script: {fileID: 11500000, guid: 1e137de05537cf84a9bb287e7739f931, type: 3}
  m_Name: 
  m_EditorClassIdentifier: 
--- !u!114 &4821145354460586208
MonoBehaviour:
  m_ObjectHideFlags: 0
  m_CorrespondingSourceObject: {fileID: 0}
  m_PrefabInstance: {fileID: 0}
  m_PrefabAsset: {fileID: 0}
  m_GameObject: {fileID: 6236790930908222091}
  m_Enabled: 1
  m_EditorHideFlags: 0
  m_Script: {fileID: 11500000, guid: 8fd50d6229cffe142b35c4a7dd2f82d9, type: 3}
  m_Name: 
  m_EditorClassIdentifier: 
--- !u!1 &8810325049286267751
GameObject:
  m_ObjectHideFlags: 0
  m_CorrespondingSourceObject: {fileID: 0}
  m_PrefabInstance: {fileID: 0}
  m_PrefabAsset: {fileID: 0}
  serializedVersion: 6
  m_Component:
  - component: {fileID: 5552257989784757507}
  - component: {fileID: 2311751880778065240}
  m_Layer: 0
  m_Name: Spot Light
  m_TagString: Untagged
  m_Icon: {fileID: 0}
  m_NavMeshLayer: 0
  m_StaticEditorFlags: 0
  m_IsActive: 1
--- !u!4 &5552257989784757507
Transform:
  m_ObjectHideFlags: 0
  m_CorrespondingSourceObject: {fileID: 0}
  m_PrefabInstance: {fileID: 0}
  m_PrefabAsset: {fileID: 0}
  m_GameObject: {fileID: 8810325049286267751}
  serializedVersion: 2
  m_LocalRotation: {x: -0.7071068, y: 0, z: 0, w: 0.7071068}
  m_LocalPosition: {x: 0, y: 10.99, z: -0}
  m_LocalScale: {x: 1, y: 1, z: 1}
  m_ConstrainProportionsScale: 0
  m_Children: []
  m_Father: {fileID: 1911860528064810251}
  m_LocalEulerAnglesHint: {x: -90, y: 0, z: 0}
--- !u!108 &2311751880778065240
Light:
  m_ObjectHideFlags: 0
  m_CorrespondingSourceObject: {fileID: 0}
  m_PrefabInstance: {fileID: 0}
  m_PrefabAsset: {fileID: 0}
  m_GameObject: {fileID: 8810325049286267751}
  m_Enabled: 1
  serializedVersion: 10
  m_Type: 0
  m_Shape: 0
  m_Color: {r: 1, g: 1, b: 1, a: 1}
  m_Intensity: 12.6
  m_Range: 5.5
  m_SpotAngle: 71.2
  m_InnerSpotAngle: 4
  m_CookieSize: 10
  m_Shadows:
    m_Type: 0
    m_Resolution: -1
    m_CustomResolution: -1
    m_Strength: 1
    m_Bias: 0.05
    m_NormalBias: 0.4
    m_NearPlane: 0.2
    m_CullingMatrixOverride:
      e00: 1
      e01: 0
      e02: 0
      e03: 0
      e10: 0
      e11: 1
      e12: 0
      e13: 0
      e20: 0
      e21: 0
      e22: 1
      e23: 0
      e30: 0
      e31: 0
      e32: 0
      e33: 1
    m_UseCullingMatrixOverride: 0
  m_Cookie: {fileID: 0}
  m_DrawHalo: 0
  m_Flare: {fileID: 0}
  m_RenderMode: 0
  m_CullingMask:
    serializedVersion: 2
    m_Bits: 4294967295
  m_RenderingLayerMask: 1
  m_Lightmapping: 4
  m_LightShadowCasterMode: 0
  m_AreaSize: {x: 1, y: 1}
  m_BounceIntensity: 1
  m_ColorTemperature: 6570
  m_UseColorTemperature: 0
  m_BoundingSphereOverride: {x: 0, y: 0, z: 0, w: 0}
  m_UseBoundingSphereOverride: 0
  m_UseViewFrustumForShadowCasterCull: 1
  m_ShadowRadius: 0
  m_ShadowAngle: 0
--- !u!1001 &2475599043607692084
PrefabInstance:
  m_ObjectHideFlags: 0
  serializedVersion: 2
  m_Modification:
    serializedVersion: 3
    m_TransformParent: {fileID: 1911860528064810251}
    m_Modifications:
    - target: {fileID: 584678573886053986, guid: d4b06ebeeaf0ac044aeed997d98443c2, type: 3}
      propertyPath: ShapeModule.radius.value
      value: 0.07
      objectReference: {fileID: 0}
    - target: {fileID: 765908706338028246, guid: d4b06ebeeaf0ac044aeed997d98443c2, type: 3}
      propertyPath: m_Name
      value: Left Side Thruster Particles
      objectReference: {fileID: 0}
    - target: {fileID: 771087676723270698, guid: d4b06ebeeaf0ac044aeed997d98443c2, type: 3}
      propertyPath: m_LocalScale.x
      value: 1
      objectReference: {fileID: 0}
    - target: {fileID: 771087676723270698, guid: d4b06ebeeaf0ac044aeed997d98443c2, type: 3}
      propertyPath: m_LocalScale.y
      value: 1
      objectReference: {fileID: 0}
    - target: {fileID: 771087676723270698, guid: d4b06ebeeaf0ac044aeed997d98443c2, type: 3}
      propertyPath: m_LocalScale.z
      value: 1
      objectReference: {fileID: 0}
    - target: {fileID: 771087676723270698, guid: d4b06ebeeaf0ac044aeed997d98443c2, type: 3}
      propertyPath: m_LocalPosition.x
      value: 2.99
      objectReference: {fileID: 0}
    - target: {fileID: 771087676723270698, guid: d4b06ebeeaf0ac044aeed997d98443c2, type: 3}
      propertyPath: m_LocalPosition.y
      value: 0.14
      objectReference: {fileID: 0}
    - target: {fileID: 771087676723270698, guid: d4b06ebeeaf0ac044aeed997d98443c2, type: 3}
      propertyPath: m_LocalPosition.z
      value: 0
      objectReference: {fileID: 0}
    - target: {fileID: 771087676723270698, guid: d4b06ebeeaf0ac044aeed997d98443c2, type: 3}
      propertyPath: m_LocalRotation.w
      value: 0.6830127
      objectReference: {fileID: 0}
    - target: {fileID: 771087676723270698, guid: d4b06ebeeaf0ac044aeed997d98443c2, type: 3}
      propertyPath: m_LocalRotation.x
      value: 0.6830127
      objectReference: {fileID: 0}
    - target: {fileID: 771087676723270698, guid: d4b06ebeeaf0ac044aeed997d98443c2, type: 3}
      propertyPath: m_LocalRotation.y
      value: 0.18301275
      objectReference: {fileID: 0}
    - target: {fileID: 771087676723270698, guid: d4b06ebeeaf0ac044aeed997d98443c2, type: 3}
      propertyPath: m_LocalRotation.z
      value: 0.18301275
      objectReference: {fileID: 0}
    - target: {fileID: 771087676723270698, guid: d4b06ebeeaf0ac044aeed997d98443c2, type: 3}
      propertyPath: m_LocalEulerAnglesHint.x
      value: 120
      objectReference: {fileID: 0}
    - target: {fileID: 771087676723270698, guid: d4b06ebeeaf0ac044aeed997d98443c2, type: 3}
      propertyPath: m_LocalEulerAnglesHint.y
      value: -90
      objectReference: {fileID: 0}
    - target: {fileID: 771087676723270698, guid: d4b06ebeeaf0ac044aeed997d98443c2, type: 3}
      propertyPath: m_LocalEulerAnglesHint.z
      value: -90
      objectReference: {fileID: 0}
    m_RemovedComponents: []
    m_RemovedGameObjects: []
    m_AddedGameObjects: []
    m_AddedComponents: []
  m_SourcePrefab: {fileID: 100100000, guid: d4b06ebeeaf0ac044aeed997d98443c2, type: 3}
--- !u!4 &2947724835797407518 stripped
Transform:
  m_CorrespondingSourceObject: {fileID: 771087676723270698, guid: d4b06ebeeaf0ac044aeed997d98443c2, type: 3}
  m_PrefabInstance: {fileID: 2475599043607692084}
  m_PrefabAsset: {fileID: 0}
--- !u!198 &3046168542552137046 stripped
ParticleSystem:
  m_CorrespondingSourceObject: {fileID: 584678573886053986, guid: d4b06ebeeaf0ac044aeed997d98443c2, type: 3}
  m_PrefabInstance: {fileID: 2475599043607692084}
  m_PrefabAsset: {fileID: 0}
--- !u!1001 &3460835756113071755
PrefabInstance:
  m_ObjectHideFlags: 0
  serializedVersion: 2
  m_Modification:
    serializedVersion: 3
    m_TransformParent: {fileID: 1911860528064810251}
    m_Modifications:
    - target: {fileID: 1469142659871422, guid: ab79a37535b979f48b6de56e3a0a5cb0, type: 3}
      propertyPath: m_Name
      value: Explosion Particles
      objectReference: {fileID: 0}
    - target: {fileID: 4436899185823514, guid: ab79a37535b979f48b6de56e3a0a5cb0, type: 3}
      propertyPath: m_LocalPosition.x
      value: 0
      objectReference: {fileID: 0}
    - target: {fileID: 4436899185823514, guid: ab79a37535b979f48b6de56e3a0a5cb0, type: 3}
      propertyPath: m_LocalPosition.y
      value: 0
      objectReference: {fileID: 0}
    - target: {fileID: 4436899185823514, guid: ab79a37535b979f48b6de56e3a0a5cb0, type: 3}
      propertyPath: m_LocalPosition.z
      value: 0
      objectReference: {fileID: 0}
    - target: {fileID: 4436899185823514, guid: ab79a37535b979f48b6de56e3a0a5cb0, type: 3}
      propertyPath: m_LocalRotation.w
      value: 1
      objectReference: {fileID: 0}
    - target: {fileID: 4436899185823514, guid: ab79a37535b979f48b6de56e3a0a5cb0, type: 3}
      propertyPath: m_LocalRotation.x
      value: 0
      objectReference: {fileID: 0}
    - target: {fileID: 4436899185823514, guid: ab79a37535b979f48b6de56e3a0a5cb0, type: 3}
      propertyPath: m_LocalRotation.y
      value: 0
      objectReference: {fileID: 0}
    - target: {fileID: 4436899185823514, guid: ab79a37535b979f48b6de56e3a0a5cb0, type: 3}
      propertyPath: m_LocalRotation.z
      value: 0
      objectReference: {fileID: 0}
    - target: {fileID: 4436899185823514, guid: ab79a37535b979f48b6de56e3a0a5cb0, type: 3}
      propertyPath: m_LocalEulerAnglesHint.x
      value: 0
      objectReference: {fileID: 0}
    - target: {fileID: 4436899185823514, guid: ab79a37535b979f48b6de56e3a0a5cb0, type: 3}
      propertyPath: m_LocalEulerAnglesHint.y
      value: 0
      objectReference: {fileID: 0}
    - target: {fileID: 4436899185823514, guid: ab79a37535b979f48b6de56e3a0a5cb0, type: 3}
      propertyPath: m_LocalEulerAnglesHint.z
      value: 0
      objectReference: {fileID: 0}
    m_RemovedComponents: []
    m_RemovedGameObjects: []
    m_AddedGameObjects: []
    m_AddedComponents: []
  m_SourcePrefab: {fileID: 100100000, guid: ab79a37535b979f48b6de56e3a0a5cb0, type: 3}
--- !u!4 &3461184121143230865 stripped
Transform:
  m_CorrespondingSourceObject: {fileID: 4436899185823514, guid: ab79a37535b979f48b6de56e3a0a5cb0, type: 3}
  m_PrefabInstance: {fileID: 3460835756113071755}
  m_PrefabAsset: {fileID: 0}
--- !u!198 &3659018438712819787 stripped
ParticleSystem:
  m_CorrespondingSourceObject: {fileID: 198204746014789312, guid: ab79a37535b979f48b6de56e3a0a5cb0, type: 3}
  m_PrefabInstance: {fileID: 3460835756113071755}
  m_PrefabAsset: {fileID: 0}
--- !u!1001 &4742255166379893213
PrefabInstance:
  m_ObjectHideFlags: 0
  serializedVersion: 2
  m_Modification:
    serializedVersion: 3
    m_TransformParent: {fileID: 1911860528064810251}
    m_Modifications:
    - target: {fileID: 1113205305641416, guid: a3553fd250eb92d4091bebde350c6739, type: 3}
      propertyPath: m_Name
      value: MainEngineParticle
      objectReference: {fileID: 0}
    - target: {fileID: 4940884351362868, guid: a3553fd250eb92d4091bebde350c6739, type: 3}
      propertyPath: m_LocalScale.x
      value: 0.5
      objectReference: {fileID: 0}
    - target: {fileID: 4940884351362868, guid: a3553fd250eb92d4091bebde350c6739, type: 3}
      propertyPath: m_LocalScale.y
      value: 0.5
      objectReference: {fileID: 0}
    - target: {fileID: 4940884351362868, guid: a3553fd250eb92d4091bebde350c6739, type: 3}
      propertyPath: m_LocalScale.z
      value: 0.5
      objectReference: {fileID: 0}
    - target: {fileID: 4940884351362868, guid: a3553fd250eb92d4091bebde350c6739, type: 3}
      propertyPath: m_LocalPosition.x
      value: 0
      objectReference: {fileID: 0}
    - target: {fileID: 4940884351362868, guid: a3553fd250eb92d4091bebde350c6739, type: 3}
      propertyPath: m_LocalPosition.y
      value: 0
      objectReference: {fileID: 0}
    - target: {fileID: 4940884351362868, guid: a3553fd250eb92d4091bebde350c6739, type: 3}
      propertyPath: m_LocalPosition.z
      value: -2.77
      objectReference: {fileID: 0}
    - target: {fileID: 4940884351362868, guid: a3553fd250eb92d4091bebde350c6739, type: 3}
      propertyPath: m_LocalRotation.w
      value: 0.7071068
      objectReference: {fileID: 0}
    - target: {fileID: 4940884351362868, guid: a3553fd250eb92d4091bebde350c6739, type: 3}
      propertyPath: m_LocalRotation.x
      value: 0.7071068
      objectReference: {fileID: 0}
    - target: {fileID: 4940884351362868, guid: a3553fd250eb92d4091bebde350c6739, type: 3}
      propertyPath: m_LocalRotation.y
      value: 0
      objectReference: {fileID: 0}
    - target: {fileID: 4940884351362868, guid: a3553fd250eb92d4091bebde350c6739, type: 3}
      propertyPath: m_LocalRotation.z
      value: 0
      objectReference: {fileID: 0}
    - target: {fileID: 4940884351362868, guid: a3553fd250eb92d4091bebde350c6739, type: 3}
      propertyPath: m_LocalEulerAnglesHint.x
      value: 90
      objectReference: {fileID: 0}
    - target: {fileID: 4940884351362868, guid: a3553fd250eb92d4091bebde350c6739, type: 3}
      propertyPath: m_LocalEulerAnglesHint.y
      value: 0
      objectReference: {fileID: 0}
    - target: {fileID: 4940884351362868, guid: a3553fd250eb92d4091bebde350c6739, type: 3}
      propertyPath: m_LocalEulerAnglesHint.z
      value: 0
      objectReference: {fileID: 0}
    - target: {fileID: 198100719057022332, guid: a3553fd250eb92d4091bebde350c6739, type: 3}
      propertyPath: looping
      value: 1
      objectReference: {fileID: 0}
    - target: {fileID: 198100719057022332, guid: a3553fd250eb92d4091bebde350c6739, type: 3}
      propertyPath: autoRandomSeed
      value: 1
      objectReference: {fileID: 0}
    - target: {fileID: 198100719057022332, guid: a3553fd250eb92d4091bebde350c6739, type: 3}
      propertyPath: ShapeModule.radius.value
      value: 0.14
      objectReference: {fileID: 0}
    m_RemovedComponents: []
    m_RemovedGameObjects: []
    m_AddedGameObjects: []
    m_AddedComponents: []
  m_SourcePrefab: {fileID: 100100000, guid: a3553fd250eb92d4091bebde350c6739, type: 3}
--- !u!4 &4746321524522616553 stripped
Transform:
  m_CorrespondingSourceObject: {fileID: 4940884351362868, guid: a3553fd250eb92d4091bebde350c6739, type: 3}
  m_PrefabInstance: {fileID: 4742255166379893213}
  m_PrefabAsset: {fileID: 0}
--- !u!198 &4859406534422105249 stripped
ParticleSystem:
  m_CorrespondingSourceObject: {fileID: 198100719057022332, guid: a3553fd250eb92d4091bebde350c6739, type: 3}
  m_PrefabInstance: {fileID: 4742255166379893213}
  m_PrefabAsset: {fileID: 0}
--- !u!1001 &6292654871758166362
PrefabInstance:
  m_ObjectHideFlags: 0
  serializedVersion: 2
  m_Modification:
    serializedVersion: 3
    m_TransformParent: {fileID: 1911860528064810251}
    m_Modifications:
    - target: {fileID: 100016, guid: 4891bd9dc190fc94a838d0409002e3e2, type: 3}
      propertyPath: m_Name
      value: rocket_betterWindows
      objectReference: {fileID: 0}
    - target: {fileID: 400014, guid: 4891bd9dc190fc94a838d0409002e3e2, type: 3}
      propertyPath: m_LocalPosition.x
      value: 0
      objectReference: {fileID: 0}
    - target: {fileID: 400014, guid: 4891bd9dc190fc94a838d0409002e3e2, type: 3}
      propertyPath: m_LocalPosition.y
      value: -0.0000000037252903
      objectReference: {fileID: 0}
    - target: {fileID: 400014, guid: 4891bd9dc190fc94a838d0409002e3e2, type: 3}
      propertyPath: m_LocalPosition.z
      value: 0.023776714
      objectReference: {fileID: 0}
    - target: {fileID: 400014, guid: 4891bd9dc190fc94a838d0409002e3e2, type: 3}
      propertyPath: m_LocalRotation.w
      value: 0.9999053
      objectReference: {fileID: 0}
    - target: {fileID: 400014, guid: 4891bd9dc190fc94a838d0409002e3e2, type: 3}
      propertyPath: m_LocalRotation.x
      value: -0
      objectReference: {fileID: 0}
    - target: {fileID: 400014, guid: 4891bd9dc190fc94a838d0409002e3e2, type: 3}
      propertyPath: m_LocalRotation.z
      value: 0.013766811
      objectReference: {fileID: 0}
    - target: {fileID: 400014, guid: 4891bd9dc190fc94a838d0409002e3e2, type: 3}
      propertyPath: m_LocalEulerAnglesHint.z
      value: 1.5780001
      objectReference: {fileID: 0}
    - target: {fileID: 400016, guid: 4891bd9dc190fc94a838d0409002e3e2, type: 3}
      propertyPath: m_RootOrder
      value: 0
      objectReference: {fileID: 0}
    - target: {fileID: 400016, guid: 4891bd9dc190fc94a838d0409002e3e2, type: 3}
      propertyPath: m_LocalScale.x
      value: 10
      objectReference: {fileID: 0}
    - target: {fileID: 400016, guid: 4891bd9dc190fc94a838d0409002e3e2, type: 3}
      propertyPath: m_LocalScale.y
      value: 10
      objectReference: {fileID: 0}
    - target: {fileID: 400016, guid: 4891bd9dc190fc94a838d0409002e3e2, type: 3}
      propertyPath: m_LocalScale.z
      value: 10
      objectReference: {fileID: 0}
    - target: {fileID: 400016, guid: 4891bd9dc190fc94a838d0409002e3e2, type: 3}
      propertyPath: m_LocalPosition.x
      value: 0
      objectReference: {fileID: 0}
    - target: {fileID: 400016, guid: 4891bd9dc190fc94a838d0409002e3e2, type: 3}
      propertyPath: m_LocalPosition.y
      value: 3.96
      objectReference: {fileID: 0}
    - target: {fileID: 400016, guid: 4891bd9dc190fc94a838d0409002e3e2, type: 3}
      propertyPath: m_LocalPosition.z
      value: -0
      objectReference: {fileID: 0}
    - target: {fileID: 400016, guid: 4891bd9dc190fc94a838d0409002e3e2, type: 3}
      propertyPath: m_LocalRotation.w
      value: 0.7071068
      objectReference: {fileID: 0}
    - target: {fileID: 400016, guid: 4891bd9dc190fc94a838d0409002e3e2, type: 3}
      propertyPath: m_LocalRotation.x
      value: -0.7071068
      objectReference: {fileID: 0}
    - target: {fileID: 400016, guid: 4891bd9dc190fc94a838d0409002e3e2, type: 3}
      propertyPath: m_LocalRotation.y
      value: 0
      objectReference: {fileID: 0}
    - target: {fileID: 400016, guid: 4891bd9dc190fc94a838d0409002e3e2, type: 3}
      propertyPath: m_LocalRotation.z
      value: -0
      objectReference: {fileID: 0}
    - target: {fileID: 400016, guid: 4891bd9dc190fc94a838d0409002e3e2, type: 3}
      propertyPath: m_LocalEulerAnglesHint.x
      value: 0
      objectReference: {fileID: 0}
    - target: {fileID: 400016, guid: 4891bd9dc190fc94a838d0409002e3e2, type: 3}
      propertyPath: m_LocalEulerAnglesHint.y
      value: 0
      objectReference: {fileID: 0}
    - target: {fileID: 400016, guid: 4891bd9dc190fc94a838d0409002e3e2, type: 3}
      propertyPath: m_LocalEulerAnglesHint.z
      value: 0
      objectReference: {fileID: 0}
    - target: {fileID: 2300000, guid: 4891bd9dc190fc94a838d0409002e3e2, type: 3}
      propertyPath: m_Materials.Array.data[0]
      value: 
      objectReference: {fileID: 2100000, guid: 77cf325d522ac9040a380314cd5500cd, type: 2}
    - target: {fileID: 2300002, guid: 4891bd9dc190fc94a838d0409002e3e2, type: 3}
      propertyPath: m_Materials.Array.data[0]
      value: 
      objectReference: {fileID: 2100000, guid: 77cf325d522ac9040a380314cd5500cd, type: 2}
    - target: {fileID: 2300004, guid: 4891bd9dc190fc94a838d0409002e3e2, type: 3}
      propertyPath: m_Materials.Array.data[0]
      value: 
      objectReference: {fileID: 2100000, guid: 77cf325d522ac9040a380314cd5500cd, type: 2}
    - target: {fileID: 2300006, guid: 4891bd9dc190fc94a838d0409002e3e2, type: 3}
      propertyPath: m_Materials.Array.data[0]
      value: 
      objectReference: {fileID: 2100000, guid: 77cf325d522ac9040a380314cd5500cd, type: 2}
    - target: {fileID: 2300008, guid: 4891bd9dc190fc94a838d0409002e3e2, type: 3}
      propertyPath: m_Materials.Array.data[0]
      value: 
      objectReference: {fileID: 2100000, guid: 77cf325d522ac9040a380314cd5500cd, type: 2}
    - target: {fileID: 2300010, guid: 4891bd9dc190fc94a838d0409002e3e2, type: 3}
      propertyPath: m_Materials.Array.data[0]
      value: 
      objectReference: {fileID: 2100000, guid: 77cf325d522ac9040a380314cd5500cd, type: 2}
    - target: {fileID: 2300012, guid: 4891bd9dc190fc94a838d0409002e3e2, type: 3}
      propertyPath: m_Materials.Array.data[0]
      value: 
      objectReference: {fileID: 2100000, guid: 77cf325d522ac9040a380314cd5500cd, type: 2}
    - target: {fileID: 2300014, guid: 4891bd9dc190fc94a838d0409002e3e2, type: 3}
      propertyPath: m_Materials.Array.data[0]
      value: 
      objectReference: {fileID: 2100000, guid: bf20930006ddc6744832c0ba4cc50b64, type: 2}
    - target: {fileID: 2300016, guid: 4891bd9dc190fc94a838d0409002e3e2, type: 3}
      propertyPath: m_Materials.Array.data[0]
      value: 
      objectReference: {fileID: 2100000, guid: 77cf325d522ac9040a380314cd5500cd, type: 2}
    - target: {fileID: 2300018, guid: 4891bd9dc190fc94a838d0409002e3e2, type: 3}
      propertyPath: m_Materials.Array.data[0]
      value: 
      objectReference: {fileID: 2100000, guid: 77cf325d522ac9040a380314cd5500cd, type: 2}
    - target: {fileID: 2300020, guid: 4891bd9dc190fc94a838d0409002e3e2, type: 3}
      propertyPath: m_Materials.Array.data[0]
      value: 
      objectReference: {fileID: 2100000, guid: 77cf325d522ac9040a380314cd5500cd, type: 2}
    - target: {fileID: 2300022, guid: 4891bd9dc190fc94a838d0409002e3e2, type: 3}
      propertyPath: m_Materials.Array.data[0]
      value: 
      objectReference: {fileID: 2100000, guid: 77cf325d522ac9040a380314cd5500cd, type: 2}
    - target: {fileID: 2300024, guid: 4891bd9dc190fc94a838d0409002e3e2, type: 3}
      propertyPath: m_Materials.Array.data[0]
      value: 
      objectReference: {fileID: 2100000, guid: 77cf325d522ac9040a380314cd5500cd, type: 2}
    m_RemovedComponents: []
    m_RemovedGameObjects: []
    m_AddedGameObjects: []
    m_AddedComponents: []
  m_SourcePrefab: {fileID: 100100000, guid: 4891bd9dc190fc94a838d0409002e3e2, type: 3}
--- !u!4 &6292654871757767626 stripped
Transform:
  m_CorrespondingSourceObject: {fileID: 400016, guid: 4891bd9dc190fc94a838d0409002e3e2, type: 3}
  m_PrefabInstance: {fileID: 6292654871758166362}
  m_PrefabAsset: {fileID: 0}
--- !u!1001 &6372854029928473837
PrefabInstance:
  m_ObjectHideFlags: 0
  serializedVersion: 2
  m_Modification:
    serializedVersion: 3
    m_TransformParent: {fileID: 1911860528064810251}
    m_Modifications:
    - target: {fileID: 1664836844622050, guid: 62198a3a5dbb64a4f9e1618929224faa, type: 3}
      propertyPath: m_Name
      value: Success Particles
      objectReference: {fileID: 0}
    - target: {fileID: 4100699973242056, guid: 62198a3a5dbb64a4f9e1618929224faa, type: 3}
      propertyPath: m_LocalPosition.x
      value: 0
      objectReference: {fileID: 0}
    - target: {fileID: 4100699973242056, guid: 62198a3a5dbb64a4f9e1618929224faa, type: 3}
      propertyPath: m_LocalPosition.y
      value: 0
      objectReference: {fileID: 0}
    - target: {fileID: 4100699973242056, guid: 62198a3a5dbb64a4f9e1618929224faa, type: 3}
      propertyPath: m_LocalPosition.z
      value: 0
      objectReference: {fileID: 0}
    - target: {fileID: 4100699973242056, guid: 62198a3a5dbb64a4f9e1618929224faa, type: 3}
      propertyPath: m_LocalRotation.w
      value: 0.7071068
      objectReference: {fileID: 0}
    - target: {fileID: 4100699973242056, guid: 62198a3a5dbb64a4f9e1618929224faa, type: 3}
      propertyPath: m_LocalRotation.x
      value: -0.7071068
      objectReference: {fileID: 0}
    - target: {fileID: 4100699973242056, guid: 62198a3a5dbb64a4f9e1618929224faa, type: 3}
      propertyPath: m_LocalRotation.y
      value: 0
      objectReference: {fileID: 0}
    - target: {fileID: 4100699973242056, guid: 62198a3a5dbb64a4f9e1618929224faa, type: 3}
      propertyPath: m_LocalRotation.z
      value: 0
      objectReference: {fileID: 0}
    - target: {fileID: 4100699973242056, guid: 62198a3a5dbb64a4f9e1618929224faa, type: 3}
      propertyPath: m_LocalEulerAnglesHint.x
      value: -90
      objectReference: {fileID: 0}
    - target: {fileID: 4100699973242056, guid: 62198a3a5dbb64a4f9e1618929224faa, type: 3}
      propertyPath: m_LocalEulerAnglesHint.y
      value: 0
      objectReference: {fileID: 0}
    - target: {fileID: 4100699973242056, guid: 62198a3a5dbb64a4f9e1618929224faa, type: 3}
      propertyPath: m_LocalEulerAnglesHint.z
      value: 0
      objectReference: {fileID: 0}
    m_RemovedComponents: []
    m_RemovedGameObjects: []
    m_AddedGameObjects: []
    m_AddedComponents: []
  m_SourcePrefab: {fileID: 100100000, guid: 62198a3a5dbb64a4f9e1618929224faa, type: 3}
--- !u!4 &6376672013107456037 stripped
Transform:
  m_CorrespondingSourceObject: {fileID: 4100699973242056, guid: 62198a3a5dbb64a4f9e1618929224faa, type: 3}
  m_PrefabInstance: {fileID: 6372854029928473837}
  m_PrefabAsset: {fileID: 0}
--- !u!198 &6535076136865609715 stripped
ParticleSystem:
  m_CorrespondingSourceObject: {fileID: 198631066050499358, guid: 62198a3a5dbb64a4f9e1618929224faa, type: 3}
  m_PrefabInstance: {fileID: 6372854029928473837}
  m_PrefabAsset: {fileID: 0}
--- !u!1001 &9153536109411826156
PrefabInstance:
  m_ObjectHideFlags: 0
  serializedVersion: 2
  m_Modification:
    serializedVersion: 3
    m_TransformParent: {fileID: 1911860528064810251}
    m_Modifications:
    - target: {fileID: 584678573886053986, guid: d4b06ebeeaf0ac044aeed997d98443c2, type: 3}
      propertyPath: ShapeModule.radius.value
      value: 0.07
      objectReference: {fileID: 0}
    - target: {fileID: 765908706338028246, guid: d4b06ebeeaf0ac044aeed997d98443c2, type: 3}
      propertyPath: m_Name
      value: Right Side Thruster Particles
      objectReference: {fileID: 0}
    - target: {fileID: 771087676723270698, guid: d4b06ebeeaf0ac044aeed997d98443c2, type: 3}
      propertyPath: m_LocalScale.x
      value: 1
      objectReference: {fileID: 0}
    - target: {fileID: 771087676723270698, guid: d4b06ebeeaf0ac044aeed997d98443c2, type: 3}
      propertyPath: m_LocalScale.y
      value: 1
      objectReference: {fileID: 0}
    - target: {fileID: 771087676723270698, guid: d4b06ebeeaf0ac044aeed997d98443c2, type: 3}
      propertyPath: m_LocalScale.z
      value: 1
      objectReference: {fileID: 0}
    - target: {fileID: 771087676723270698, guid: d4b06ebeeaf0ac044aeed997d98443c2, type: 3}
      propertyPath: m_LocalPosition.x
      value: -2.72
      objectReference: {fileID: 0}
    - target: {fileID: 771087676723270698, guid: d4b06ebeeaf0ac044aeed997d98443c2, type: 3}
      propertyPath: m_LocalPosition.y
      value: 0.14
      objectReference: {fileID: 0}
    - target: {fileID: 771087676723270698, guid: d4b06ebeeaf0ac044aeed997d98443c2, type: 3}
      propertyPath: m_LocalPosition.z
      value: 0
      objectReference: {fileID: 0}
    - target: {fileID: 771087676723270698, guid: d4b06ebeeaf0ac044aeed997d98443c2, type: 3}
      propertyPath: m_LocalRotation.w
      value: -0.18301275
      objectReference: {fileID: 0}
    - target: {fileID: 771087676723270698, guid: d4b06ebeeaf0ac044aeed997d98443c2, type: 3}
      propertyPath: m_LocalRotation.x
      value: 0.18301275
      objectReference: {fileID: 0}
    - target: {fileID: 771087676723270698, guid: d4b06ebeeaf0ac044aeed997d98443c2, type: 3}
      propertyPath: m_LocalRotation.y
      value: 0.6830127
      objectReference: {fileID: 0}
    - target: {fileID: 771087676723270698, guid: d4b06ebeeaf0ac044aeed997d98443c2, type: 3}
      propertyPath: m_LocalRotation.z
      value: -0.6830127
      objectReference: {fileID: 0}
    - target: {fileID: 771087676723270698, guid: d4b06ebeeaf0ac044aeed997d98443c2, type: 3}
      propertyPath: m_LocalEulerAnglesHint.x
      value: 120
      objectReference: {fileID: 0}
    - target: {fileID: 771087676723270698, guid: d4b06ebeeaf0ac044aeed997d98443c2, type: 3}
      propertyPath: m_LocalEulerAnglesHint.y
      value: 90
      objectReference: {fileID: 0}
    - target: {fileID: 771087676723270698, guid: d4b06ebeeaf0ac044aeed997d98443c2, type: 3}
      propertyPath: m_LocalEulerAnglesHint.z
      value: -90
      objectReference: {fileID: 0}
    m_RemovedComponents: []
    m_RemovedGameObjects: []
    m_AddedGameObjects: []
    m_AddedComponents: []
  m_SourcePrefab: {fileID: 100100000, guid: d4b06ebeeaf0ac044aeed997d98443c2, type: 3}
--- !u!4 &8481563083934166470 stripped
Transform:
  m_CorrespondingSourceObject: {fileID: 771087676723270698, guid: d4b06ebeeaf0ac044aeed997d98443c2, type: 3}
  m_PrefabInstance: {fileID: 9153536109411826156}
  m_PrefabAsset: {fileID: 0}
--- !u!198 &8582407922203584398 stripped
ParticleSystem:
  m_CorrespondingSourceObject: {fileID: 584678573886053986, guid: d4b06ebeeaf0ac044aeed997d98443c2, type: 3}
  m_PrefabInstance: {fileID: 9153536109411826156}
  m_PrefabAsset: {fileID: 0}
